@book{islr,
  author = {Trevor Hastie; Robert Tibshirani; Daniela Witten; Grathen James},
  editor = {},
  publisher = {Springer Publications},
  title = {An Introduction to Statistical Learning},
  year = {2017}
}